<?xml version="1.0" encoding="UTF-8"?><collection xmlns="http://www.loc.gov/MARC21/slim"><record><leader>00435nam--2200169-i-4500</leader><controlfield tag="001">000019121</controlfield><controlfield tag="002">20161230</controlfield><controlfield tag="005">20161230201033</controlfield><controlfield tag="008">060222s1000------------r-----000-0-rum-d</controlfield><datafield ind1=" " ind2=" " tag="041"><subfield code="a">rum</subfield></datafield><datafield ind1=" " ind2=" " tag="080"><subfield code="a">537.84:621.313.522</subfield></datafield><datafield ind1="1" ind2=" " tag="100"><subfield code="a">Dragos, Lazar</subfield></datafield><datafield ind1="1" ind2="0" tag="245"><subfield code="a">Magnetodinamica fluidelor</subfield><subfield code="c">Lazar dragos</subfield></datafield><datafield ind1=" " ind2=" " tag="260"><subfield code="a">Bucuresti, Editura Academiei R.S.R,. 1969</subfield></datafield><datafield ind1=" " ind2=" " tag="300"><subfield code="a">476 P</subfield></datafield><datafield ind1=" " ind2=" " tag="852"><subfield code="a">30460</subfield><subfield code="c">532</subfield></datafield><datafield ind1=" " ind2=" " tag="CAT"><subfield code="a">Sys</subfield><subfield code="c">20100714</subfield><subfield code="h">112328</subfield></datafield></record></collection>